@inproceedings{LoehH06,
  author    = {Andres L{\"o}h and
               Ralf Hinze},
  title     = "{Open data types and open functions}",
  year      = {2006},
  pages     = {133-144},
  booktitle = "{Proceedings of the 8th International ACM SIGPLAN Conference
               on Principles and Practice of Declarative Programming, 2006}",
  publisher = {ACM},
}

@MISC(Wadler98,
 author = "Philip Wadler",
 title = "The expression problem",
 year = "1998",
 note = "Message to java-genericity electronic mailing list. Available online at \url{http://www.daimi.au.dk/~madst/tool/papers/expression.txt}",
)

@inproceedings{grunbacher:2011,
  author    = {Michael Vierhauser and
               Gerald Holl and
               Rick Rabiser and
               Paul Gr{\"u}nbacher and
               Martin Lehofer and
               Uwe St{\"u}rmer},
  title     = {A Deployment Infrastructure for Product Line Models and
               Tools},
  booktitle = {SPLC},
  year      = {2011},
  pages     = {287-294},
  ee        = {http://dx.doi.org/10.1109/SPLC.2011.23},
  crossref  = {DBLP:conf/splc/2011},
  bibsource = {DBLP, http://dblp.uni-trier.de}
}


@inproceedings{grunbacher:2008,
  author    = {Paul Gr{\"u}nbacher and
               Rick Rabiser and
               Deepak Dhungana},
  title     = {Product Line Tools are Product Lines Too: Lessons Learned
               from Developing a Tool Suite},
  booktitle = {ASE},
  year      = {2008},
  pages     = {351-354}
}

@inproceedings{batory-ahead-bootstrap,
  author    = {Don S. Batory and
               Jacob Neal Sarvela and
               Axel Rauschmayer},
  title     = {Scaling Step-Wise Refinement},
  booktitle = {ICSE},
  year      = {2003},
  pages     = {187-197}
}



@inproceedings{griss,
 author = {Griss, Martin L.},
 title = {Implementing Product-Line Features with Component Reuse},
 booktitle = {ICSR},
 year = {2000},
 pages = {137--152},
 address = {London, UK},
}



@article{deelstra:2005,
  author    = {Sybren Deelstra and
               Marco Sinnema and
               Jan Bosch},
  title     = {Product derivation in software product families: a case study},
  journal   = {JSS},
  volume    = {74},
  number    = {2},
  year      = {2005},
  pages     = {173-194},
}



@article{ist-2010,
 author = {Rabiser, Rick and Gr\"{u}nbacher, Paul and Dhungana, Deepak},
 title = {Requirements for product derivation support: Results from a systematic literature review and an expert survey},
 journal = {Inf. Softw. Technol.},
 volume = {52},
 issue = {3},
 month = {March},
 year = {2010},
 pages = {324--346},
 numpages = {23},
 address = {Newton, MA, USA},
}


@book{spl-book,
  author    = {Paul Clements and Linda M. Northrop},
  title     = {Software Product Lines: Practices and Patterns},
  publisher = {Addison-Wesley},
  year      = {2001}
}


@inproceedings{kats:2010,
  title = {The {Spoofax} Language Workbench. {Rules} for Declarative Specification of Languages and {IDEs}},
  author = {Lennart C. L. Kats and Eelco Visser},
  year = {2010},
  pages = {444-463},
  booktitle = {OOPSLA 2010, 2010, Reno},
}

@inproceedings{cide-all,
  author    = {Christian K\"{a}stner and Sven Apel and Salvador Trujillo and Martin Kuhlemann and Don S. Batory},
  title     = {Guaranteeing Syntactic Correctness for All Product Line Variants: A Language-Independent Approach},
  booktitle = {TOOLS (47)},
  year      = {2009},
  pages     = {175-194}
}



@INCOLLECTION{gqm,
  author = {Victor R. Basili and Gianluigi Caldiera and H. Dieter Rombach},
  title = {The Goal Question Metric Approach},
  booktitle = {Encyclopedia of Software Engineering},
  publisher = {Wiley},
  year = {1994}
}


@inproceedings{rbonifacio:sbcars2009,
 author={Rodrigo Bonif\'{a}cio and Leopoldo Teixeira and Paulo Borba},
 title={Hephaestus: A tool for managing {SPL} variabilities},
 booktitle={SBCARS Tools Session},
 location={Natal-RN, Brazil},
 year={2009},
 note={A draft copy is available at: http://bit.ly/notgBg}
}

@inproceedings{rbonifacio:aosd2009,
 author = {Bonif\'{a}cio, Rodrigo and Borba, Paulo},
 title = {Modeling scenario variability as crosscutting mechanisms},
 booktitle = {AOSD '09},
 year = {2009},
 location = {Charlottesville, Virginia, USA},
 pages = {125--136},
 publisher = {ACM},
}

@inproceedings{ferreira:2010,
 author = {Ferreira, Felype and  Neves, Lais and Silva, Michelle  and Borba Paulo},
 title = {Target: a model based product line testing tool},
 booktitle = {CBSoft 2010 Tools Session},
 year = {2010},
 location = {Salvador, Brazil},
 pages = {1--4}
}

@inproceedings{kastner:2008,
 author = {K\"{a}stner, Christian and Apel, Sven and Kuhlemann, Martin},
 title = {Granularity in software product lines},
 booktitle = {ICSE '08},
 year = {2008},
 pages = {311--320},
 numpages = {10},
}

@inproceedings{visser:2003,
  title = {Program Transformation with {Stratego/XT}: Rules, Strategies, Tools, and Systems in {Stratego/XT 0.9}},
  author = {Eelco Visser},
  year = {2003},
  pages = {216-238},
  booktitle = {LNCS},
  volume = {3016},
  publisher = {Springer},
}

@masterthesis{marcos:2010,
  title   = {A {DSL} specification for implementing {SPL} variability},
  author  = {Marcos Augusto Xavier and Paulo Borba},
  school  = {Informatics Center, Federal University of Pernambuco},
  year    = {2010},
  address = {Recife, PE, Brazil}
}

@inproceedings{LaemmelO06,
  author    = {Ralf L{\"a}mmel and
               Klaus Ostermann},
  title     = "{Software extension and integration with type classes}",
  year      = {2006},
  pages     = {161-170},
  booktitle = "{Generative Programming and Component Engineering, 5th International
               Conference, Proceedings}",
  publisher = {ACM},
  year      = {2006},
}

@inproceedings{vborges:sbsoft2010,
 author={Virgilio Borges and R\'{o}gel Garcia and Marco Tulio Valente},
 title={CIDE +: A Tool for Semi-Automatic Extraction of Software Product Lines Using Coloring Code (in Portuguese)},
 booktitle={SBSOFT 2010 Tools Session},
 pages = {73-78},
 location={Salvador-BA, Brazil},
 year={2010}
}

@inproceedings{apel-scp-2010,
 author = {Sven Apel and others},
 title = {Feature (De)composition in Functional Programming},
 booktitle = {SC '09},
 year = {2009},
 location = {Zurich, Switzerland},
 pages = {9--26},
}

@BOOK{gpbook,
  AUTHOR =       "Krzysztof Czarnecki  and Ulrich W. Eisenecker",
  TITLE =        "Generative Programming: Methods, Tools, and Applications",
  PUBLISHER =    "Addison-Wesley",
  YEAR =         "2000"
}

@inproceedings{Machado:2011:MVB:1960502.1960508,
 author = {Machado, Idarlan and Bonif\'{a}cio, Rodrigo and Alves, Vander and Turnes, Lucin\'{e}ia and Machado, Giselle},
 title = {Managing variability in business processes: an aspect-oriented approach},
 booktitle = {EA '11},
 year = {2011},
 pages = {25--30},
 publisher = {ACM}
}

@inproceedings{Wang:2009:APM:1596614.1596621,
 author = {Wang, Meng and Oliveira, Bruno C. d. S.},
 title = {What does aspect-oriented programming mean for functional programmers?},
 booktitle = {WGP '09},
 year = {2009},
 pages = {37--48},
 publisher = {ACM},
}

@article{Masuhara:2005:ACA:1090189.1086405,
 author = {Masuhara, Hidehiko and Tatsuzawa, Hideaki and Yonezawa, Akinori},
 title = {Aspectual Caml: an aspect-oriented functional language},
 journal = {SIGPLAN Not.},
 volume = {40},
 issue = {9},
 month = {September},
 year = {2005},
 pages = {320--330},
 publisher = {ACM},
}

@inproceedings{DBLP:conf/sigsoft/MeziniO04,
  author    = {Mira Mezini and Klaus Ostermann},
  title     = {Variability management with feature-oriented programming and aspects},
  booktitle = {FSE},
  year      = {2004},
  pages     = {127-136}
}

@inproceedings{DBLP:conf/csmr/CoutoVF11,
  author    = {Marcus Vinicius Couto and Marco Tulio Valente and Eduardo Figueiredo},
  title     = {Extracting Software Product Lines: A Case Study Using Conditional Compilation},
  booktitle = {CSMR},
  year      = {2011},
  pages     = {191-200}
}

@inproceedings{ssr01_pl,
    author = {Michalis Anastasopoulos and Cristina Gacek},
    title = {Implementing Product Line Variabilities},
    booktitle = {Symposium on Software Reusability },
    publisher = {ACM Press},
    location = {Toronto, Canada},
    pages = {},
    month  = {May},
    year = {2001}
}

@article{DBLP:journals/spe/SvahnbergGB05,
  author    = {Mikael Svahnberg and Jilles van Gurp and Jan Bosch},
  title     = {A taxonomy of variability realization techniques},
  journal   = {Softw., Pract. Exper.},
  volume    = {35},
  number    = {8},
  year      = {2005},
  pages     = {705-754},
}

@inproceedings{Lopez-HerrejonBC05,
  author    = {Roberto E. Lopez-Herrejon and Don S. Batory and William R. Cook},
  title     = {Evaluating Support for Features in Advanced Modularization Technologies},
  year      = {2005},
  pages     = {169-194},
  booktitle = "{ECOOP 2005 - Object-Oriented Programming, 19th European Conference, 2005, Proceedings}",
  publisher = {Springer},
  series    = {LNCS},
  volume    = {3586},
}

@article{jones:1995,
  title={Functional programming with overloading and higher-order polymorphism},
  author={Jones, M.},
  journal={Advanced Functional Programming},
  pages={97--136},
  year={1995},
  publisher={Springer}
}

@inproceedings{gpce11,
  author    = {La\'{\i}s Neves and
               Leopoldo Teixeira and
               Dem{\'o}stenes Sena and
               Vander Alves and
               Uir{\'a} Kulesza and
               Paulo Borba},
  title     = {Investigating the safe evolution of software product lines},
  booktitle = {GPCE},
  year      = {2011},
  pages     = {33-42}
}

@inproceedings{kruegerPFE01,
  author    = {Charles W. Krueger},
  title     = {Easing the Transition to Software Mass Customization},
  booktitle = {PFE},
  year      = {2001},
  pages     = {282-293},
  ee        = {http://dx.doi.org/10.1007/3-540-47833-7_25},
  crossref  = {DBLP:conf/pfe/2001},
  bibsource = {DBLP, http://dblp.uni-trier.de}
}

@inproceedings{simulink,
  author    = {Eduardo Steiner and Paulo Masiero and Rodrigo Bonif\'{a}cio},
  title     = {Managing Variability in an Unmanned Aerial Vehicle's Simulink Model with Pure::Variants and Hephaestus (in Portuguese)},
  booktitle = {Ibero-American Conference on Software Engineering (CIbSE)},
  year      = {2012},
  pages     = {1-14},
}


@inproceedings{deltaSchaefer,
  author    = {Ina Schaefer and
               Lorenzo Bettini and
               Viviana Bono and
               Ferruccio Damiani and
               Nico Tanzarella},
  title     = {Delta-Oriented Programming of Software Product Lines},
  booktitle = {SPLC},
  year      = {2010},
  pages     = {77-91},
  ee        = {http://dx.doi.org/10.1007/978-3-642-15579-6_6},
  crossref  = {DBLP:conf/splc/2010},
  bibsource = {DBLP, http://dblp.uni-trier.de}
}

@inproceedings{DBLP:conf/gpce/TorresKSBTBCLBM10,
  author    = {M{\'a}rio Henrique C. Torres and
               Uir{\'a} Kulesza and
               Matheus Sousa and
               Tha\'{\i}s Vasconcelos Batista and
               Leopoldo Teixeira and
               Paulo Borba and
               Elder Cirilo and
               Carlos Jos{\'e} Pereira de Lucena and
               Rosana T. V. Braga and
               Paulo Cesar Masiero},
  title     = {Assessment of product derivation tools in the evolution of software product lines: an empirical study},
  booktitle = {FOSD},
  year      = {2010},
  pages     = {10-17},
  ee        = {http://doi.acm.org/10.1145/1868688.1868691},
  crossref  = {DBLP:conf/gpce/2010fosd},
  bibsource = {DBLP, http://dblp.uni-trier.de}
}

@inproceedings{uiraWBDDM:2010,
 author = {Torres, M{\'a}rio Henrique C. and
           Kulesza, Uir{\'a}  and
           Braga, Rosana T. V. and
           Masiero, Paulo Cesar and
           Pires, Paulo F. and
           Delicato, Fl{\'a}via C. and 
           Cirilo, Elder and
           Batista, Tha\'{\i}s Vasconcelos and
           Teixeira, Leopoldo  and
           Borba, Paulo  and
           Lucena, Carlos Jos{\'e} Pereira de }, 
 title = {Estudo Comparativo de Ferramentas de Derivação Dirigidas por Modelos: Resultados Preliminares},
 booktitle = {Anais do I Workshop Brasileiro de Desenvolvimento Dirigido por Modelos (WBDDM'2010) - CBSoft'2010},
 year = {2010},
 location = {Salvador, Brazil},
 pages = {1--8}
}

@inproceedings{DBLP:conf/icse/FigueiredoC08,
  author    = {Eduardo Figueiredo and
               N{\'e}lio Cacho and
               Cl{\'a}udio Sant'Anna and
               Mario Monteiro and
               Uir{\'a} Kulesza and
               Alessandro Garcia and
               S{\'e}rgio Soares and
               Fabiano Cutigi Ferrari and
               Safoora Shakil Khan and
               Fernando Castor Filho and
               Francisco Dantas},
  title     = {Evolving software product lines with aspects: an empirical study on design stability},
  booktitle = {ICSE},
  year      = {2008},
  pages     = {261-270},
  ee        = {http://doi.acm.org/10.1145/1368088.1368124},
  crossref  = {DBLP:conf/icse/2008},
  bibsource = {DBLP, http://dblp.uni-trier.de}
}

@article{DBLP:journals/ase/DhunganaGR11,
  author    = {Deepak Dhungana and
               Paul Gr{\"u}nbacher and
               Rick Rabiser},
  title     = {The DOPLER meta-tool for decision-oriented variability modeling:
               a multiple case study},
  journal   = {Autom. Softw. Eng.},
  volume    = {18},
  number    = {1},
  year      = {2011},
  pages     = {77-114},
  ee        = {http://dx.doi.org/10.1007/s10515-010-0076-6},
  bibsource = {DBLP, http://dblp.uni-trier.de}
}